
@misc{beckGewohnlicheDifferentialgleichungen2018,
  title = {Gewöhnliche Differentialgleichungen},
  author = {Beck, Lisa},
  date = {2018-02-12},
  langid = {german}
}

@online{BeweisarchivAnalysisUngleichungen,
  title = {Beweisarchiv: Analysis: Ungleichungen: Grönwall'sche Ungleichung – Wikibooks, Sammlung freier Lehr-, Sach- und Fachbücher},
  shorttitle = {Beweisarchiv},
  url = {https://de.wikibooks.org/wiki/Beweisarchiv:_Analysis:_Ungleichungen:_Gr%C3%B6nwall%27sche_Ungleichung},
  urldate = {2022-01-13},
  langid = {german},
  file = {C\:\\Users\\as-al\\Zotero\\storage\\7S9CYJSF\\Beweisarchiv_Analysis_Ungleichungen_Grönwall'sche_Ungleichung.html}
}

@book{harroheuserGewohnlicheDifferentialgleichungen,
  title = {Gewöhnliche {{Differentialgleichungen}}},
  author = {{Harro Heuser}},
  edition = {6. Auflage},
  isbn = {978-3-8348-0705-2}
}

@online{LipschitzStetigkeitSerloMathe,
  title = {Lipschitz-Stetigkeit – Serlo „Mathe für Nicht-Freaks“ – Wikibooks, Sammlung freier Lehr-, Sach- und Fachbücher},
  url = {https://de.wikibooks.org/wiki/Mathe_f%C3%BCr_Nicht-Freaks:_Lipschitz-Stetigkeit},
  urldate = {2022-01-13},
  langid = {german},
  file = {C\:\\Users\\as-al\\Zotero\\storage\\KN6MCIWN\\Mathe_für_Nicht-Freaks_Lipschitz-Stetigkeit.html}
}

@misc{stykelSkriptZurVorlesung2020,
  title = {Skript zur Vorlesung Numerik Gewöhnlicher Differentialgleichungen},
  author = {Stykel, Tatjana},
  year = {Sommersemester 2020},
  langid = {german}
}

@article{sundermeierFixpunktsatzSchauder,
  title = {Der Fixpunktsatz von Schauder},
  author = {Sundermeier, Jan Frederik},
  pages = {31},
  langid = {german},
  file = {C\:\\Users\\as-al\\Zotero\\storage\\YNUNLQNX\\Sundermeier - Der Fixpunktsatz von Schauder.pdf}
}

@book{walzLexikonMathematik,
  title = {Lexikon der Mathematik},
  author = {Walz, Guido},
  edition = {1.},
  volume = {1},
  publisher = {{Sprektum Akademischer Verlag}},
  isbn = {3-8274-0439-8},
  langid = {german}
}


